<record><leader>00000cas a22000007a 4500</leader><controlfield tag="001">34223822</controlfield><controlfield tag="008">960220d18931894okuwr n       0    0eng d</controlfield><datafield ind1=" " ind2=" " tag="010"><subfield code="a">sn 96087559 </subfield></datafield><datafield ind1=" " ind2=" " tag="040"><subfield code="a">OBN</subfield><subfield code="b">eng</subfield><subfield code="c">OBN</subfield><subfield code="d">OCL</subfield><subfield code="d">OCLCQ</subfield><subfield code="d">OCLCO</subfield></datafield><datafield ind1="1" ind2=" " tag="029"><subfield code="a">AU@</subfield><subfield code="b">000013249736</subfield></datafield><datafield ind1=" " ind2=" " tag="042"><subfield code="a">msc</subfield></datafield><datafield ind1=" " ind2=" " tag="043"><subfield code="a">n-us-ok</subfield></datafield><datafield ind1="0" ind2="4" tag="245"><subfield code="a">The Blackwell times.</subfield></datafield><datafield ind1=" " ind2=" " tag="260"><subfield code="a">Blackwell Rock, County K., O.T. [Okla.] :</subfield><subfield code="b">D.W. &amp; M.E. Walker</subfield></datafield><datafield ind1=" " ind2=" " tag="300"><subfield code="a">v.</subfield></datafield><datafield ind1=" " ind2=" " tag="310"><subfield code="a">Weekly</subfield></datafield><datafield ind1="0" ind2=" " tag="362"><subfield code="a">Vol. 1, no. 1 (Nov. 1 1893)-v. 1, no. 17 (Feb. 22, 1894).</subfield></datafield><datafield ind1=" " ind2="0" tag="651"><subfield code="a">Blackwell (Okla.)</subfield><subfield code="v">Newspapers.</subfield></datafield><datafield ind1=" " ind2="0" tag="651"><subfield code="a">Kay County (Okla.)</subfield><subfield code="v">Newspapers.</subfield></datafield><datafield ind1=" " ind2="0" tag="651"><subfield code="a">Oklahoma Territory (Okla.)</subfield><subfield code="v">Newspapers.</subfield></datafield><datafield ind1=" " ind2=" " tag="752"><subfield code="a">United States</subfield><subfield code="b">Oklahoma</subfield><subfield code="c">Kay</subfield><subfield code="d">Blackwell.</subfield></datafield><datafield ind1="0" ind2="7" tag="785"><subfield code="t">Blackwell record</subfield><subfield code="w">(DLC)sn 96087558</subfield><subfield code="w">(OCoLC)34223784</subfield></datafield><datafield ind1="0" ind2="7" tag="785"><subfield code="t">Times-record (Blackwell, Okla.)</subfield><subfield code="w">(DLC)sn 96093919</subfield><subfield code="w">(OCoLC)35336274</subfield></datafield></record>